<collection xmlns="http://www.loc.gov/MARC21/slim">
<record>
  <leader>01428nam0a2200289 i 450 </leader>
  <controlfield tag="001">IT\ICCU\CNCE\053694</controlfield>
  <controlfield tag="005">20100315000000.0</controlfield>
  <datafield tag="012" ind1=" " ind2=" ">
    <subfield code="a">peni ISi- isis ieSo (C) 1555 (A)</subfield>
    <subfield code="2">fei</subfield>
  </datafield>
  <datafield tag="100" ind1=" " ind2=" ">
    <subfield code="a">20021209d1555        0itac0103    ba</subfield>
  </datafield>
  <datafield tag="101" ind1=" " ind2=" ">
    <subfield code="a">LAT</subfield>
  </datafield>
  <datafield tag="102" ind1=" " ind2=" ">
    <subfield code="a">IT</subfield>
  </datafield>
  <datafield tag="200" ind1="1" ind2=" ">
    <subfield code="a">Temperantiae vel modestiae et modestorum laudes ... Oratio Michaelis Schoteri</subfield>
  </datafield>
  <datafield tag="210" ind1=" " ind2=" ">
    <subfield code="a">Bononiae</subfield>
    <subfield code="c">apud Anselmum Giaccarellum</subfield>
    <subfield code="d">1555</subfield>
  </datafield>
  <datafield tag="215" ind1=" " ind2=" ">
    <subfield code="a">\8! c.</subfield>
    <subfield code="d">8ʻ</subfield>
  </datafield>
  <datafield tag="620" ind1=" " ind2=" ">
    <subfield code="a">IT</subfield>
    <subfield code="d">Bologna</subfield>
  </datafield>
  <datafield tag="700" ind1=" " ind2="1">
    <subfield code="a">Schoter,</subfield>
    <subfield code="b">Michael</subfield>
    <subfield code="3">IT\ICCU\CNCA\001128</subfield>
  </datafield>
  <datafield tag="712" ind1="0" ind2="0">
    <subfield code="a">Giaccarelli, Anselmo</subfield>
    <subfield code="3">IT\ICCU\CNCT\000354</subfield>
    <subfield code="4">650</subfield>
  </datafield>
  <datafield tag="790" ind1=" " ind2="1">
    <subfield code="a">Scotero,</subfield>
    <subfield code="b">Michele</subfield>
    <subfield code="3">IT\ICCU\CNCA\013635</subfield>
    <subfield code="z">Schoter, Michael</subfield>
  </datafield>
  <datafield tag="791" ind1="0" ind2="0">
    <subfield code="a">Zaccherelli, Anselmo</subfield>
    <subfield code="3">IT\ICCU\CNCT\003836</subfield>
    <subfield code="z">Giaccarelli, Anselmo</subfield>
  </datafield>
  <datafield tag="791" ind1="0" ind2="0">
    <subfield code="a">Zaccarellus, Anselmus</subfield>
    <subfield code="3">IT\ICCU\CNCT\003837</subfield>
    <subfield code="z">Giaccarelli, Anselmo</subfield>
  </datafield>
  <datafield tag="791" ind1="0" ind2="0">
    <subfield code="a">Giaccarello, Anselmo</subfield>
    <subfield code="3">IT\ICCU\CNCT\004865</subfield>
    <subfield code="z">Giaccarelli, Anselmo</subfield>
  </datafield>
  <datafield tag="791" ind1="0" ind2="0">
    <subfield code="a">Giaccarellus, Anselmus</subfield>
    <subfield code="3">IT\ICCU\CNCT\004866</subfield>
    <subfield code="z">Giaccarelli, Anselmo</subfield>
  </datafield>
  <datafield tag="801" ind1=" " ind2="3">
    <subfield code="a">IT</subfield>
    <subfield code="b">ICCU</subfield>
    <subfield code="c">20201115</subfield>
  </datafield>
  <datafield tag="899" ind1=" " ind2=" ">
    <subfield code="a">Biblioteca comunale degli Intronati. Siena</subfield>
    <subfield code="1">SI0046</subfield>
    <subfield code="2">RT1 QI</subfield>
  </datafield>
  <datafield tag="899" ind1=" " ind2=" ">
    <subfield code="a">Biblioteca civica. Verona</subfield>
    <subfield code="1">VR0059</subfield>
    <subfield code="2">ZVR 02</subfield>
  </datafield>
  <datafield tag="911" ind1=" " ind2=" ">
    <subfield code="a">Sul front.</subfield>
    <subfield code="9">IT\ICCU\CNCM\000736</subfield>
  </datafield>
  <datafield tag="921" ind1=" " ind2=" ">
    <subfield code="a">IT\ICCU\CNCM\000736</subfield>
    <subfield code="b">Ercole con la clava uccide l&apos;idra di Lerna. In cornice formata da un ramo di palma ed uno di olivo</subfield>
    <subfield code="e">1) Perpetuo non ferro; 2) Hinc orta monstra cadunt</subfield>
    <subfield code="c">Z498</subfield>
    <subfield code="d">Con o senza motto</subfield>
    <subfield code="f">CLAVA</subfield>
    <subfield code="f">ERCOLE</subfield>
    <subfield code="f">IDRA</subfield>
    <subfield code="f">PERPETUONO</subfield>
    <subfield code="g">1553-1599</subfield>
  </datafield>
</record>
</collection>
